@book{foord2009ironpython,
  title={IronPython in action},
  author={Foord, M.J. and Muirhead, C.},
  isbn={9781933988337},
  lccn={2009278753},
  series={Manning Pubs Co Series},
  url={http://books.google.de/books?id=wu4pAQAAMAAJ},
  year={2009},
  publisher={Manning}
}

@book{kaiser2008python,
  title={Python: Das umfassende Handbuch - Spracheinf{\"u}hrung, Objektorientierung, Programmiertechniken},
  author={Peter Kaiser},
  isbn={9783836211109},
  series={Galileo Computing},
  url={http://openbook.galileocomputing.de/python/index.htm},
  year={2008},
  publisher={Galileo Press GmbH}
}

@book{kuehnel2012visual,
  title={Visual C\# 2012: Das umfassende Handbuch - Spracheinf{\"u}hrung, Objektorientierung, Programmiertechniken},
  author={K{\"u}hnel, A.},
  isbn={9783836219976},
  series={Galileo Computing},
  url={http://books.google.de/books?id=hWqwMAEACAAJ},
  year={2012},
  publisher={Galileo Press GmbH}
}


@book{nathan2010wpf,
  title={WPF 4: Unleashed},
  author={Nathan, A.},
  isbn={9780672331190},
  lccn={2010017765},
  url={http://books.google.co.uk/books?id=x0uXRAAACAAJ},
  year={2010},
  publisher={Sams Publishing}
}

@book{kuehnel2010cs,
  title={Visual C\# 2010},
  author={Andreas Kühnel},
  isbn={9783836215527},
  url={http://openbook.galileocomputing.de/visual_csharp_2010/index.htm},
  year={2010},
  publisher={Galileo Computing}
}

@Misc{keysight:2014,
  author = {Keysight},
  title = {Keysight Company Info},
  howpublished = {\url{http://about.keysight.com/en/companyinfo/}},
  year = {2014},
  note = {Einsichtsdatum: 18.08.2014}
}

@Misc{cygwin:2012,
  author = {Cygwin},
  title = {Cygwin User's Guide},
  howpublished = {\url{http://cygwin.com/cygwin-ug-net/cygwin-ug-net.pdf}},
  year = {2012},
  note = {Einsichtsdatum: 28.02.2014}
}

@book{geeb:2003,
  title = {Das XML/XSLT-Seminar},
  author = {Franziskus Geeb},
  publisher = {\url{www.xml-xslt.de}},
  year = {2003},
  isbn = {978-3934424135}
}

@book{ploetner:2012,
  title = {Linux - Das umfassende Handbuch},
  author = {Johannes Plötner, Steffen Wendzel},
  publisher = {Galileo Computing},
  year = {2012},
  isbn = {978-3-8362-1822-1}
}

@Misc{microsoft:2013,
  author = {Microsoft},
  title = {MSDN - Microsoft Developer Network},
  howpublished = {\url{http://msdn.microsoft.com/de-de}},
  year = {2013},
  note = {Einsichtsdatum: 28.02.2014}
}

@Misc{microsoft:2014,
  author = {Microsoft},
  title = {MSDN - Microsoft Developer Network},
  howpublished = {\url{http://msdn.microsoft.com/de-de}},
  year = {2014},
  note = {Einsichtsdatum: 28.02.2014}
}

@Misc{python:2014,
  author = {IronPython Team, Microsoft Corporation, Python Software Foundation},
  title = {IronPython Documentation},
  howpublished = {\url{http://ironpython-test.readthedocs.org/en/latest/contents.html}},
  year = {2014},
  note = {Einsichtsdatum: 28.02.2014}
}

@Misc{agilent:poster1,
  author = {Agilent},
  title = {BER - What is it?},
  year = {2000},
  howpublished = {\autoref{BER_1.png}}
}

@Misc{agilent:poster2,
  author = {Agilent},
  title = {BER - What is it telling you?},
  year = {2000},
  howpublished = {\autoref{BER_7.png}}
}

@Misc{bitkom:2014,
  author = {Bitkom},
  title = {Presseinformation},
  year = {2014},
  url = {http://www.bitkom.org/files/documents/BITKOM-Presseinfo_Smartphone-Nutzung_in_Deutschland_11_06_2014(1).pdf},
  note = {Einsichtsdatum: 19.08.2014}
}

@Misc{json,
  author = {ECMA International},
  title = {Introducing JSON},
  year = {2014},
  url = {http://www.json.org},
  note = {Einsichtsdatum: 19.08.2014} 
}

% Optional fields: type, number, address, month, note
@book{csv,
  author = {Y. Shafranovich},
  title = {RFC 4180 - Common Format and MIME Type for Comma-Separated Values (CSV) Files},
  institution = {Network Working Group},
  year = {2005},
  url = {http://tools.ietf.org/html/rfc4180},
  note = {Einsichtsdatum: 19.08.2014}
}

@book{sauter2010grundkurs,
  title={Grundkurs Mobile Kommunikationssysteme: UMTS, HSDPA und LTE, GSM, GPRS und Wireless LAN},
  author={Sauter, M.},
  isbn={978-3-658-01460-5},
  url={http://books.google.de/books?id=N\_s-x2Tmdo4C},
  year={2010},
  publisher={Vieweg+Teubner Verlag / Springer Fachmedien Wiesbaden GmbH, Wiesbaden}
}

% Optional fields: type, number, address, month, note
@book{3gpp,
  title = {3GPP TS 36.521-1 version 11.2.0 Release 11},
  author = {ETSI},
  year = {2013}
}

% Optional fields: author, title, howpublished, month, year, note
@book{elektronik_kompendium,
  author = {Patrick Schnabel},
  title = {Elektronik Kompendium},
  url = {http://www.elektronik-kompendium.de},
  note = {Einsichtsdatum: 19.08.2014}
}

% Optional fields: author, howpublished, address, month, year, note
@book{t4010s,
  title = {Agilent T4010S LTE RF Conformance and DV Test System},
  author = {Keysight Technologies},
  url = {http://literature.cdn.keysight.com/litweb/pdf/5991-2980EN.pdf},
  note = {Einsichtsdatum: 22.08.2014}
}

@Misc{pythonFaq,
  author = {{Python Software Foundation}},
  title = {General Python FAQ},
  howpublished = {\url{https://docs.python.org/3/faq/general.html}},
  year = {2015}
}

@Misc{pythonFuncProg,
  author = {{Python Software Foundation}},
  title = {Functional Programming HOWTO},
  howpublished = {\url{https://docs.python.org/3.3/howto/functional.html}},
  year = {2014}
}

@Misc{pillowdoc,
  title = {Pillow Documentation},
  howpublished = {\url{https://pillow.readthedocs.org/}},
  year = {2015}
}